<?xml version="1.0" encoding="UTF-8"?><collection xmlns="http://www.loc.gov/MARC21/slim"><record><leader>00388nam--2200157-i-4500</leader><controlfield tag="001">000000365</controlfield><controlfield tag="002">20161230</controlfield><controlfield tag="005">20170102174202</controlfield><controlfield tag="008">060222s1000------------r-----000-0-eng-d</controlfield><datafield ind1=" " ind2=" " tag="100"><subfield code="a">Funfer, Ewald</subfield></datafield><datafield ind1=" " ind2=" " tag="245"><subfield code="a">Zahlrohre und szintillationszahler</subfield></datafield><datafield ind1=" " ind2=" " tag="260"><subfield code="a">Karlsruhe</subfield><subfield code="b">Verlag G.Braun</subfield></datafield><datafield ind1=" " ind2=" " tag="300"><subfield code="a">XI + 276 p</subfield></datafield><datafield ind1=" " ind2=" " tag="700"><subfield code="a">Neuert, Hugo</subfield></datafield><datafield ind1=" " ind2=" " tag="852"><subfield code="a">10498</subfield></datafield><datafield ind1=" " ind2=" " tag="CAT"><subfield code="a">SYS</subfield><subfield code="c">20170102</subfield><subfield code="h">174202</subfield></datafield></record></collection>